@incollection {Artin,
    AUTHOR = {Tate, John},
     TITLE = {On the conjectures of {B}irch and {S}winnerton-{D}yer and a
              geometric analog [see {MR}1610977]},
 BOOKTITLE = {Dix expos\'{e}s sur la cohomologie des sch\'{e}mas},
    SERIES = {Adv. Stud. Pure Math.},
    VOLUME = {3},
     PAGES = {189--214},
 PUBLISHER = {North-Holland, Amsterdam},
      YEAR = {1968},
   MRCLASS = {11G40 (14G10)},
  MRNUMBER = {3202555},
}

@article {dJ,
    AUTHOR = {de Jong, Aise Johan and Ho, Wei},
     TITLE = {Genus one curves and {B}rauer-{S}everi varieties},
   JOURNAL = {Math. Res. Lett.},
  FJOURNAL = {Mathematical Research Letters},
    VOLUME = {19},
      YEAR = {2012},
    NUMBER = {6},
     PAGES = {1357--1359},
      ISSN = {1073-2780},
   MRCLASS = {16Kxx (14H99)},
  MRNUMBER = {3091612},
MRREVIEWER = {Andrei D. Halanay},
       DOI = {10.4310/MRL.2012.v19.n6.a13},
       URL = {https://doi-org.ezproxy.cul.columbia.edu/10.4310/MRL.2012.v19.n6.a13},
}
		

@article {Biswas2,
    AUTHOR = {Biswas, Indranil and Sengupta, Tathagata},
     TITLE = {Brauer group of the moduli spaces of stable vector bundles of
              fixed determinant over a smooth curve},
   JOURNAL = {Bull. Sci. Math.},
  FJOURNAL = {Bulletin des Sciences Math\'{e}matiques},
    VOLUME = {144},
      YEAR = {2018},
     PAGES = {55--63},
      ISSN = {0007-4497},
   MRCLASS = {14F22 (14D23 14H60)},
  MRNUMBER = {3787570},
MRREVIEWER = {Stefan Schr\"{o}er},
       DOI = {10.1016/j.bulsci.2018.02.001},
       URL = {https://doi-org.ezproxy.cul.columbia.edu/10.1016/j.bulsci.2018.02.001},
}

@article {AESU,
    AUTHOR = {Auel, Asher and Brussel, Eric and Garibaldi, Skip and Vishne,
              Uzi},
     TITLE = {Open problems on central simple algebras},
   JOURNAL = {Transform. Groups},
  FJOURNAL = {Transformation Groups},
    VOLUME = {16},
      YEAR = {2011},
    NUMBER = {1},
     PAGES = {219--264},
      ISSN = {1083-4362},
   MRCLASS = {16K20 (12G05 16K50 16S35)},
  MRNUMBER = {2785502},
MRREVIEWER = {Carl Riehm},
       DOI = {10.1007/s00031-011-9119-8},
       URL = {https://doi.org/10.1007/s00031-011-9119-8},
}

@book {Lang,
    AUTHOR = {Lang, Serge},
     TITLE = {Fundamentals of {D}iophantine geometry},
 PUBLISHER = {Springer-Verlag, New York},
      YEAR = {1983},
     PAGES = {xviii+370},
      ISBN = {0-387-90837-4},
   MRCLASS = {11-02 (11Dxx 11Gxx 14G25)},
  MRNUMBER = {715605},
MRREVIEWER = {Gerd Faltings},
       DOI = {10.1007/978-1-4757-1810-2},
       URL = {https://doi.org/10.1007/978-1-4757-1810-2},
}


@article {Wittenberg,
    AUTHOR = {Wittenberg, Olivier},
     TITLE = {On {A}lbanese torsors and the elementary obstruction},
   JOURNAL = {Math. Ann.},
  FJOURNAL = {Mathematische Annalen},
    VOLUME = {340},
      YEAR = {2008},
    NUMBER = {4},
     PAGES = {805--838},
      ISSN = {0025-5831},
   MRCLASS = {14C25 (14K05)},
  MRNUMBER = {2372739},
MRREVIEWER = {Francisco J. Plaza Mart\'{\i}n},
       DOI = {10.1007/s00208-007-0170-7},
       URL = {https://doi.org/10.1007/s00208-007-0170-7},
}
@article {Kouvidakis,
    AUTHOR = {Kouvidakis, Alexis},
     TITLE = {The {P}icard group of the universal {P}icard varieties over
              the moduli space of curves},
   JOURNAL = {J. Differential Geom.},
  FJOURNAL = {Journal of Differential Geometry},
    VOLUME = {34},
      YEAR = {1991},
    NUMBER = {3},
     PAGES = {839--850},
      ISSN = {0022-040X},
   MRCLASS = {14J05 (14H10 14H40)},
  MRNUMBER = {1139648},
MRREVIEWER = {R. F. Lax},
       URL = {http://projecteuclid.org/euclid.jdg/1214447543},
}


@article {Schoeer,
    AUTHOR = {Schr\"{o}er, Stefan},
     TITLE = {The strong {F}ranchetta conjecture in arbitrary
              characteristics},
   JOURNAL = {Internat. J. Math.},
  FJOURNAL = {International Journal of Mathematics},
    VOLUME = {14},
      YEAR = {2003},
    NUMBER = {4},
     PAGES = {371--396},
      ISSN = {0129-167X},
   MRCLASS = {14K30 (14G05 14H10 14H40)},
  MRNUMBER = {1984659},
MRREVIEWER = {Takashi Ichikawa},
       DOI = {10.1142/S0129167X03001752},
       URL = {https://doi.org/10.1142/S0129167X03001752},
}
@article {Mestrano,
    AUTHOR = {Mestrano, Nicole},
     TITLE = {Conjecture de {F}ranchetta forte},
   JOURNAL = {Invent. Math.},
  FJOURNAL = {Inventiones Mathematicae},
    VOLUME = {87},
      YEAR = {1987},
    NUMBER = {2},
     PAGES = {365--376},
      ISSN = {0020-9910},
   MRCLASS = {14H10 (14H40)},
  MRNUMBER = {870734},
MRREVIEWER = {Werner Kleinert},
       DOI = {10.1007/BF01389421},
       URL = {https://doi.org/10.1007/BF01389421},
}

@book {Neuk,
    AUTHOR = {Neukirch, J\"{u}rgen},
     TITLE = {Algebraic number theory},
    SERIES = {Grundlehren der Mathematischen Wissenschaften [Fundamental
              Principles of Mathematical Sciences]},
    VOLUME = {322},
      NOTE = {Translated from the 1992 German original and with a note by
              Norbert Schappacher,
              With a foreword by G. Harder},
 PUBLISHER = {Springer-Verlag, Berlin},
      YEAR = {1999},
     PAGES = {xviii+571},
      ISBN = {3-540-65399-6},
   MRCLASS = {11Rxx (11-02 11S15 11S31 14C40)},
  MRNUMBER = {1697859},
MRREVIEWER = {Cornelius Greither},
       DOI = {10.1007/978-3-662-03983-0},
       URL = {https://doi-org.ezproxy.cul.columbia.edu/10.1007/978-3-662-03983-0},
}
@proceedings {CF,
     TITLE = {Algebraic number theory},
 BOOKTITLE = {Proceedings of the instructional conference held at the
              {U}niversity of {S}ussex, {B}righton, {S}eptember 1--17, 1965},
    EDITOR = {Cassels, J. W. S. and Fr\"{o}hlich, A.},
      NOTE = {Reprint of the 1967 original},
 PUBLISHER = {Academic Press, Inc. [Harcourt Brace Jovanovich, Publishers],
              London},
      YEAR = {1986},
     PAGES = {xviii+366},
      ISBN = {0-12-163251-2},
   MRCLASS = {11Rxx},
  MRNUMBER = {911121},
}

@incollection {Coproduct,
    AUTHOR = {Schwede, Karl},
     TITLE = {Gluing schemes and a scheme without closed points},
 BOOKTITLE = {Recent progress in arithmetic and algebraic geometry},
    SERIES = {Contemp. Math.},
    VOLUME = {386},
     PAGES = {157--172},
 PUBLISHER = {Amer. Math. Soc., Providence, RI},
      YEAR = {2005},
   MRCLASS = {14A15 (13A99)},
  MRNUMBER = {2182775},
MRREVIEWER = {Leovigildo M. Alonso Tarrio},
       DOI = {10.1090/conm/386/07222},
       URL = {https://doi-org.ezproxy.cul.columbia.edu/10.1090/conm/386/07222},
}

@book {SGA2,
    AUTHOR = {Grothendieck, Alexander},
     TITLE = {Cohomologie locale des faisceaux coh\'{e}rents et th\'{e}or\`emes de
              {L}efschetz locaux et globaux. {F}asc. {I}: {E}xpos\'{e}s 1--8;
              {F}asc. {II}: {E}xpos\'{e}s 9--13},
    SERIES = {S\'{e}minaire de G\'{e}om\'{e}trie Alg\'{e}brique 1962. Troisi\`eme \'{e}dition,
              corrig\'{e}e. R\'{e}dig\'{e} par un groupe d'auditeurs},
 PUBLISHER = {Institut des Hautes \'{E}tudes Scientifiques, Paris},
      YEAR = {1965},
     PAGES = {Fasc. I: iii+94 pp. (not consecutively paged); Fasc. II: i+104
              pp. (not consecutively paged)},
   MRCLASS = {14.55},
  MRNUMBER = {0210718},
}
		

@Book{pierce,
 author = {Pierce, Richard},
 title = {Associative Algebras},
 publisher = {Springer New York},
 year = {1982},
 address = {New York, NY},
 isbn = {978-1475701654}
 }

@book{EH,
  title={Etale cohomology (PMS-33)},
  author={Milne, James S},
  volume={33},
  year={1980},
  publisher={Princeton university press}
}

@book{H,
  title={Algebraic geometry},
  author={Hartshorne, Robin},
  volume={52},
  year={1977},
  publisher={Springer Science \& Business Media}
}

@Book{giraud,
 author = {Giraud, J},
 title = {Cohomologie non abelienne},
 publisher = {Springer-Verlag},
 year = {1971},
 address = {Berlin,New York},
 isbn = {3540053077}
 }

@book{ACGH,
  title={Geometry of algebraic curves: volume II with a contribution by Joseph Daniel Harris},
  author={Arbarello, Enrico and Cornalba, Maurizio and Griffiths, Phillip},
  volume={268},
  year={2011},
  publisher={Springer Science \& Business Media}
}

@Book{BLR,
 author = {Bosch, Siegfried},
 title = {N\'{e}ron Models},
 publisher = {Springer Berlin Heidelberg},
 year = {1990},
 address = {Berlin, Heidelberg},
 isbn = {978-3-642-08073-9}
 }

@article {Ati,
    AUTHOR = {Atiyah, M. F.},
     TITLE = {Vector bundles over an elliptic curve},
   JOURNAL = {Proc. London Math. Soc. (3)},
  FJOURNAL = {Proceedings of the London Mathematical Society. Third Series},
    VOLUME = {7},
      YEAR = {1957},
     PAGES = {414--452},
      ISSN = {0024-6115},
   MRCLASS = {14.55 (14.20)},
  MRNUMBER = {0131423},
MRREVIEWER = {F. Hirzebruch},
       DOI = {10.1112/plms/s3-7.1.414},
       URL = {https://doi-org.ezproxy.cul.columbia.edu/10.1112/plms/s3-7.1.414},
}

@article {Ray,
    AUTHOR = {Raynaud, Michel},
     TITLE = {Sections des fibr\'es vectoriels sur une courbe},
   JOURNAL = {Bull. Soc. Math. France},
  FJOURNAL = {Bulletin de la Soci\'et\'e Math\'ematique de France},
    VOLUME = {110},
      YEAR = {1982},
    NUMBER = {1},
     PAGES = {103--125},
      ISSN = {0037-9484},
   MRCLASS = {14F05 (14E20)},
  MRNUMBER = {662131},
MRREVIEWER = {P. E. Newstead},
}


@article {Salt,
    AUTHOR = {Saltman, David J.},
     TITLE = {Cyclic algebras over {$p$}-adic curves},
   JOURNAL = {J. Algebra},
  FJOURNAL = {Journal of Algebra},
    VOLUME = {314},
      YEAR = {2007},
    NUMBER = {2},
     PAGES = {817--843},
      ISSN = {0021-8693},
   MRCLASS = {16K20 (11S15 16K50)},
  MRNUMBER = {2344586},
MRREVIEWER = {Jan van Geel},
       DOI = {10.1016/j.jalgebra.2007.03.003},
       URL = {https://doi.org/10.1016/j.jalgebra.2007.03.003},
}


@misc{KollarB,
Author = {Kollar, Janos},
Title = {Severi-Brauer varieties;
A Geometrical treatement},
Year = {2016},
howpublished = {arXiv:1606.04368},
}

		
@article{Ant,
author = {Antieau, Benjamin and Williams, Ben},
title = {The topological periodâ€“index problem over 6-complexes},
journal = {Journal of Topology},
volume = {7},
number = {3},
pages = {617-640},
year = {2014},
doi = {10.1112/jtopol/jtt042},
URL = {http://dx.doi.org/10.1112/jtopol/jtt042},
eprint = {/oup/backfile/content_public/journal/jtopol/7/3/10.1112/jtopol/jtt042/2/jtt042.pdf}
}


@misc{Purity2,
Author = {Kestutis Cesnavicius},
Title = {Purity for the Brauer group},
Year = {2017},
howpublished = {arXiv:1711.06456},
}

@article {Saltman,
    AUTHOR = {Saltman, David J.},
     TITLE = {Cyclic algebras over {$p$}-adic curves},
   JOURNAL = {J. Algebra},
  FJOURNAL = {Journal of Algebra},
    VOLUME = {314},
      YEAR = {2007},
    NUMBER = {2},
     PAGES = {817--843},
      ISSN = {0021-8693},
   MRCLASS = {16K20 (11S15 16K50)},
  MRNUMBER = {2344586},
MRREVIEWER = {Jan van Geel},
       DOI = {10.1016/j.jalgebra.2007.03.003},
       URL = {https://doi-org.ezproxy.cul.columbia.edu/10.1016/j.jalgebra.2007.03.003},
}

@article {Dri,
    AUTHOR = {Drinfeld, Vladimir},
     TITLE = {On a conjecture of {D}eligne},
   JOURNAL = {Mosc. Math. J.},
  FJOURNAL = {Moscow Mathematical Journal},
    VOLUME = {12},
      YEAR = {2012},
    NUMBER = {3},
     PAGES = {515--542, 668},
      ISSN = {1609-3321},
   MRCLASS = {14G15 (11G35)},
  MRNUMBER = {3024821},
MRREVIEWER = {Noriko Yui},
       DOI = {10.17323/1609-4514-2012-12-3-515-542},
       URL = {https://doi-org.ezproxy.cul.columbia.edu/10.17323/1609-4514-2012-12-3-515-542},
}
@article {Mazur,
    AUTHOR = {Cremona, John E. and Mazur, Barry},
     TITLE = {Visualizing elements in the {S}hafarevich-{T}ate group},
   JOURNAL = {Experiment. Math.},
  FJOURNAL = {Experimental Mathematics},
    VOLUME = {9},
      YEAR = {2000},
    NUMBER = {1},
     PAGES = {13--28},
      ISSN = {1058-6458},
   MRCLASS = {11G05 (11G40 14G05)},
  MRNUMBER = {1758797},
MRREVIEWER = {Amod Agash\'{e}},
       URL = {http://projecteuclid.org.ezproxy.cul.columbia.edu/euclid.em/1046889588},
}
	

@book {Scho,
    AUTHOR = {Gerritzen, Lothar and van der Put, Marius},
     TITLE = {Schottky groups and {M}umford curves},
    SERIES = {Lecture Notes in Mathematics},
    VOLUME = {817},
 PUBLISHER = {Springer, Berlin},
      YEAR = {1980},
     PAGES = {viii+317},
      ISBN = {3-540-10229-9},
   MRCLASS = {10D30 (14H25 32J99 32K15)},
  MRNUMBER = {590243},
MRREVIEWER = {V. V. Shokurov},
}
		

@article {Xin,
    AUTHOR = {Chen, Tsao-Hsien and Zhu, Xinwen},
     TITLE = {Non-abelian {H}odge theory for algebraic curves in
              characteristic {$p$}},
   JOURNAL = {Geom. Funct. Anal.},
  FJOURNAL = {Geometric and Functional Analysis},
    VOLUME = {25},
      YEAR = {2015},
    NUMBER = {6},
     PAGES = {1706--1733},
      ISSN = {1016-443X},
   MRCLASS = {14D20 (14C30)},
  MRNUMBER = {3432156},
MRREVIEWER = {Zhi Jiang},
       DOI = {10.1007/s00039-015-0343-6},
       URL = {https://doi-org.ezproxy.cul.columbia.edu/10.1007/s00039-015-0343-6},
}
	
@article {Volo,
    AUTHOR = {Ogus, A. and Vologodsky, V.},
     TITLE = {Nonabelian {H}odge theory in characteristic {$p$}},
   JOURNAL = {Publ. Math. Inst. Hautes \'{E}tudes Sci.},
  FJOURNAL = {Publications Math\'{e}matiques. Institut de Hautes \'{E}tudes
              Scientifiques},
    NUMBER = {106},
      YEAR = {2007},
     PAGES = {1--138},
      ISSN = {0073-8301},
   MRCLASS = {14F30 (14F40)},
  MRNUMBER = {2373230},
MRREVIEWER = {Adolfo Quir\'{o}s},
       DOI = {10.1007/s10240-007-0010-z},
       URL = {https://doi-org.ezproxy.cul.columbia.edu/10.1007/s10240-007-0010-z},
}
@article {Stein,
    AUTHOR = {Stein, William A.},
     TITLE = {There are genus one curves over {$\Bbb Q$} of every odd index},
   JOURNAL = {J. Reine Angew. Math.},
  FJOURNAL = {Journal f\"{u}r die Reine und Angewandte Mathematik. [Crelle's
              Journal]},
    VOLUME = {547},
      YEAR = {2002},
     PAGES = {139--147},
      ISSN = {0075-4102},
   MRCLASS = {11G05 (11G18)},
  MRNUMBER = {1900139},
MRREVIEWER = {Imin Chen},
       DOI = {10.1515/crll.2002.047},
       URL = {https://doi-org.ezproxy.cul.columbia.edu/10.1515/crll.2002.047},
}
@article {BMS,
    AUTHOR = {Bhatt, Bhargav and Morrow, Matthew and Scholze, Peter},
     TITLE = {Integral {$p$}-adic {H}odge theory},
   JOURNAL = {Publ. Math. Inst. Hautes \'{E}tudes Sci.},
  FJOURNAL = {Publications Math\'{e}matiques. Institut de Hautes \'{E}tudes
              Scientifiques},
    VOLUME = {128},
      YEAR = {2018},
     PAGES = {219--397},
      ISSN = {0073-8301},
   MRCLASS = {14F30},
  MRNUMBER = {3905467},
       DOI = {10.1007/s10240-019-00102-z},
       URL = {https://doi-org.ezproxy.cul.columbia.edu/10.1007/s10240-019-00102-z},
}

@article {Tot2,
    AUTHOR = {Totaro, Burt},
     TITLE = {Recent progress on the {T}ate conjecture},
   JOURNAL = {Bull. Amer. Math. Soc. (N.S.)},
  FJOURNAL = {American Mathematical Society. Bulletin. New Series},
    VOLUME = {54},
      YEAR = {2017},
    NUMBER = {4},
     PAGES = {575--590},
      ISSN = {0273-0979},
   MRCLASS = {14C25 (14F20 14G15 14J28)},
  MRNUMBER = {3683625},
MRREVIEWER = {Remke Kloosterman},
       DOI = {10.1090/bull/1588},
       URL = {https://doi-org.ezproxy.cul.columbia.edu/10.1090/bull/1588},
}

@article {Tot,
    AUTHOR = {Totaro, Burt},
     TITLE = {Hodge theory of classifying stacks},
   JOURNAL = {Duke Math. J.},
  FJOURNAL = {Duke Mathematical Journal},
    VOLUME = {167},
      YEAR = {2018},
    NUMBER = {8},
     PAGES = {1573--1621},
      ISSN = {0012-7094},
   MRCLASS = {14F40 (14A20 20G05 57T10)},
  MRNUMBER = {3807317},
MRREVIEWER = {Junchao Shentu},
       DOI = {10.1215/00127094-2018-0003},
       URL = {https://doi-org.ezproxy.cul.columbia.edu/10.1215/00127094-2018-0003},
}
@article {DI,
    AUTHOR = {Deligne, Pierre and Illusie, Luc},
     TITLE = {Rel\`evements modulo {$p^2$} et d\'{e}composition du complexe de de
              {R}ham},
   JOURNAL = {Invent. Math.},
  FJOURNAL = {Inventiones Mathematicae},
    VOLUME = {89},
      YEAR = {1987},
    NUMBER = {2},
     PAGES = {247--270},
      ISSN = {0020-9910},
   MRCLASS = {14F40 (14C30)},
  MRNUMBER = {894379},
MRREVIEWER = {Thomas Zink},
       DOI = {10.1007/BF01389078},
       URL = {https://doi-org.ezproxy.cul.columbia.edu/10.1007/BF01389078},
}
		

@misc{Hacon,
Author = {Andrew Egbert, Christopher D. Hacon},
Title = {Invariance of cetain plurigeneral for surfaces in mixed characteristics},
Year = {2016},
howpublished = {arXiv:1609.08709v1},
}

@article {Biswas,
    AUTHOR = {Biswas, Indranil and Hoffmann, Norbert and Hogadi, Amit and
              Schmitt, Alexander H. W.},
     TITLE = {The {B}rauer group of moduli spaces of vector bundles over a
              real curve},
   JOURNAL = {Proc. Amer. Math. Soc.},
  FJOURNAL = {Proceedings of the American Mathematical Society},
    VOLUME = {139},
      YEAR = {2011},
    NUMBER = {12},
     PAGES = {4173--4179},
      ISSN = {0002-9939},
   MRCLASS = {14F22 (14H60)},
  MRNUMBER = {2823062},
MRREVIEWER = {Jean-Marc Drezet},
       DOI = {10.1090/S0002-9939-2011-10837-2},
       URL = {https://doi-org.ezproxy.cul.columbia.edu/10.1090/S0002-9939-2011-10837-2},
}


@misc{M11,
Author = {Benjamin Antieau, Lennart Meier},
Title = {The Brauer group of the moduli stack of elliptic curves},
Year = {2017},
howpublished = {arXiv:1608.09851v2},
}


@misc{Melo,
Author = {Margarida Melo, Filippo Viviani},
Title = {The Picard group of the compactified universal Jacobian
},
Year = {2014},
howpublished = {arXiv:1007.4519v5},
}




@book{GS,
  title={Central simple algebras and Galois cohomology},
  author={Gille, Philippe and Szamuely, Tam{\'a}s},
  volume={165},
  year={2017},
  publisher={Cambridge University Press}
}


@incollection {GBIII,
    AUTHOR = {Grothendieck, Alexander},
     TITLE = {Le groupe de {B}rauer. {III}. {E}xemples et compl\'ements},
 BOOKTITLE = {Dix expos\'es sur la cohomologie des sch\'emas},
    SERIES = {Adv. Stud. Pure Math.},
    VOLUME = {3},
     PAGES = {88--188},
 PUBLISHER = {North-Holland, Amsterdam},
      YEAR = {1968},
   MRCLASS = {14F22},
  MRNUMBER = {244271},
MRREVIEWER = {James Milne},
}

@article{BOI,
  title={The Book of Involutions. Number 44 in American Mathematical Society Colloquium Publications},
  author={Knus, Max-Albert and Merkurjev, AA and Rost, Markus and Tignol, Jean-Pierre},
  journal={American Mathematical Society, Providence, RI},
  year={1998}
}


@Book{Mil,
 author = {Milne, J. S.},
 title = {Algebraic groups : the theory of group schemes of finite type over a field},
 publisher = {Cambridge University Press},
 year = {2017},
 address = {Cambridge, United Kingdom New York, New York},
 isbn = {978-1107167483}
 }

@book {fulton,
    AUTHOR = {Fulton, William},
     TITLE = {Intersection theory},
    SERIES = {Ergebnisse der Mathematik und ihrer Grenzgebiete. 3. Folge. A
              Series of Modern Surveys in Mathematics [Results in
              Mathematics and Related Areas. 3rd Series. A Series of Modern
              Surveys in Mathematics]},
    VOLUME = {2},
   EDITION = {Second},
 PUBLISHER = {Springer-Verlag, Berlin},
      YEAR = {1998},
     PAGES = {xiv+470},
      ISBN = {3-540-62046-X; 0-387-98549-2},
   MRCLASS = {14C17 (14-02)},
  MRNUMBER = {1644323},
       DOI = {10.1007/978-1-4612-1700-8},
       URL = {https://doi-org.ezproxy.cul.columbia.edu/10.1007/978-1-4612-1700-8},
}

 @misc{SP,
    shorthand    = {Stacks},
    author       = {The {Stacks Project Authors}},
    title        = {\textit{Stacks Project}},
    howpublished = {{https://stacks.math.columbia.edu}},
    year         = {2018},
  }

@article {Poonen,
    AUTHOR = {Poonen, Bjorn and Stoll, Michael},
     TITLE = {The {C}assels-{T}ate pairing on polarized abelian varieties},
   JOURNAL = {Ann. of Math. (2)},
  FJOURNAL = {Annals of Mathematics. Second Series},
    VOLUME = {150},
      YEAR = {1999},
    NUMBER = {3},
     PAGES = {1109--1149},
      ISSN = {0003-486X},
   MRCLASS = {11G10 (11G30 14H40 14K15)},
  MRNUMBER = {1740984},
MRREVIEWER = {Tam\'as Szamuely},
       DOI = {10.2307/121064},
       URL = {https://doi-org.ezproxy.cul.columbia.edu/10.2307/121064},
}

@article {Sko,
    AUTHOR = {Skorobogatov, A. N.},
     TITLE = {On the elementary obstruction to the existence of rational
              points},
   JOURNAL = {Mat. Zametki},
  FJOURNAL = {Rossi\u\i skaya Akademiya Nauk. Matematicheskie Zametki},
    VOLUME = {81},
      YEAR = {2007},
    NUMBER = {1},
     PAGES = {112--124},
      ISSN = {0025-567X},
   MRCLASS = {14F22 (12G05 14K30 20G15)},
  MRNUMBER = {2333868},
MRREVIEWER = {Vasil\cprime  \=I. Andr\=\i \u\i chuk},
       DOI = {10.1134/S0001434607010099},
       URL = {https://doi.org/10.1134/S0001434607010099},
}
@article {New,
    AUTHOR = {Newman, M. and Smart, J. R.},
     TITLE = {Symplectic modulary groups},
   JOURNAL = {Acta Arith},
  FJOURNAL = {Polska Akademia Nauk. Instytut Matematyczny. Acta Arithmetica},
    VOLUME = {9},
      YEAR = {1964},
     PAGES = {83--89},
      ISSN = {0065-1036},
   MRCLASS = {20.65 (10.21)},
  MRNUMBER = {0162862},
MRREVIEWER = {I. Reiner},
       DOI = {10.4064/aa-9-1-83-89},
       URL = {https://doi-org.ezproxy.cul.columbia.edu/10.4064/aa-9-1-83-89},
}

@article {DM,
    AUTHOR = {Deligne, P. and Mumford, D.},
     TITLE = {The irreducibility of the space of curves of given genus},
   JOURNAL = {Inst. Hautes \'Etudes Sci. Publ. Math.},
  FJOURNAL = {Institut des Hautes \'Etudes Scientifiques. Publications
              Math\'ematiques},
    NUMBER = {36},
      YEAR = {1969},
     PAGES = {75--109},
      ISSN = {0073-8301},
   MRCLASS = {14.20},
  MRNUMBER = {0262240},
MRREVIEWER = {Manfred Herrmann},
       URL = {http://www.numdam.org.ezproxy.cul.columbia.edu/item?id=PMIHES_1969__36__75_0},
}
@book {Farb,
    AUTHOR = {Farb, Benson and Margalit, Dan},
     TITLE = {A primer on mapping class groups},
    SERIES = {Princeton Mathematical Series},
    VOLUME = {49},
 PUBLISHER = {Princeton University Press, Princeton, NJ},
      YEAR = {2012},
     PAGES = {xiv+472},
      ISBN = {978-0-691-14794-9},
   MRCLASS = {57M50 (20F36 20F65 57M07 57N05)},
  MRNUMBER = {2850125},
MRREVIEWER = {Stephen P. Humphries},
}


@online{MO,
  title = {Invariant two form under symplectic group},
  titleaddon = {(answer)},
  author = {David Hughes},
  date = {2018-01-22},
  version = {1},
  organization = {MathOverflow},
  url = {http://mathoverflow.net/questions/291229},
  urldate = {2018-01-22},
  nameaddon = {http://mathoverflow.net/users/101646},
}

@book{GM,
  title={The tame fundamental group of a formal neighbourhood of a divisor with normal crossings on a scheme},
  author={Grothendieck, Alexander and Murre, Jacob P},
  volume={208},
  year={1971},
  publisher={Springer}
}

@article {Lieb,
    AUTHOR = {Lieblich, Max and Olsson, Martin},
     TITLE = {Generators and relations for the \'etale fundamental group},
   JOURNAL = {Pure Appl. Math. Q.},
  FJOURNAL = {Pure and Applied Mathematics Quarterly},
    VOLUME = {6},
      YEAR = {2010},
    NUMBER = {1, Special Issue: In honor of John Tate. Part 2},
     PAGES = {209--243},
      ISSN = {1558-8599},
   MRCLASS = {14G32 (12F12)},
  MRNUMBER = {2591190},
MRREVIEWER = {Feng-Wen An},
       DOI = {10.4310/PAMQ.2010.v6.n1.a6},
       URL = {https://doi-org.ezproxy.cul.columbia.edu/10.4310/PAMQ.2010.v6.n1.a6},
}
		

@Book{sga4.5,
 author = {Deligne, Pierre},
 title = {Cohomologie \'etale},
 publisher = {Springer-Verlag},
 year = {1977},
 address = {Berlin New York},
 isbn = {978-3540080664}
 }

@Book{mum,
 author = {Mumford, David},
 title = {Abelian varieties},
 publisher = {Published for the Tata Institute of Fundamental Research By Hindustan Book Agency International distribution by American Mathematical Society},
 year = {2008},
 address = {Mumbai New Delhi},
 isbn = {978-8185931869}
 }

@article {Ste,
    AUTHOR = {Schr\"oer, Stefan},
     TITLE = {The strong {F}ranchetta conjecture in arbitrary
              characteristics},
   JOURNAL = {Internat. J. Math.},
  FJOURNAL = {International Journal of Mathematics},
    VOLUME = {14},
      YEAR = {2003},
    NUMBER = {4},
     PAGES = {371--396},
      ISSN = {0129-167X},
   MRCLASS = {14K30 (14G05 14H10 14H40)},
  MRNUMBER = {1984659},
MRREVIEWER = {Takashi Ichikawa},
       DOI = {10.1142/S0129167X03001752},
       URL = {https://doi-org.ezproxy.cul.columbia.edu/10.1142/S0129167X03001752},
}
		
@article{Ant,
author = {Antieau, Benjamin and Williams, Ben},
title = {The topological periodâ€“index problem over 6-complexes},
journal = {Journal of Topology},
volume = {7},
number = {3},
pages = {617-640},
year = {2014},
doi = {10.1112/jtopol/jtt042},
URL = {http://dx.doi.org/10.1112/jtopol/jtt042},
eprint = {/oup/backfile/content_public/journal/jtopol/7/3/10.1112/jtopol/jtt042/2/jtt042.pdf}
}
